@conference{enderby2013methods,
		title={Methods for Real Time Harmonic Excitation of Acoustic Signals},
		author={Enderby, S. and Baracskai, Z. and Athwal, C.},
		booktitle={SMAC/SMC 2013},
		month={Jul},
		year={2013}
		}

@conference{deman2014adaptive,
		title={AdaptiveControl of Amplitude Distortion Effects},
		author={De Man, B. and Reiss, J.},
		booktitle={Audio Engineering Society Conference: 53rd International Conference: Semantic Audio},
		month={Jan},
		year={2014}
		}
